<?xml version="1.0" encoding="UTF-8"?><collection><record><leader>06571ntm a2200601 a 4500</leader><controlfield tag="001">006833759</controlfield><controlfield tag="003">MiAaHDL</controlfield><controlfield tag="005">20190719000000.0</controlfield><controlfield tag="006">m        d        </controlfield><controlfield tag="007">cr bn ---auaua</controlfield><controlfield tag="008">090701q17701793xx            00| ||ota d</controlfield><datafield tag="035" ind1=" " ind2=" "><subfield code="a">(MiU)006833759</subfield></datafield><datafield tag="035" ind1=" " ind2=" "><subfield code="a">sdr-miu006833759</subfield></datafield><datafield tag="040" ind1=" " ind2=" "><subfield code="a">MiU</subfield><subfield code="c">MiU</subfield><subfield code="e">amremm</subfield></datafield><datafield tag="043" ind1=" " ind2=" "><subfield code="a">n-us-mi</subfield></datafield><datafield tag="100" ind1="0" ind2=" "><subfield code="6">880-01</subfield><subfield code="a">Vahhab-i Ümmî Abdülvahab,</subfield><subfield code="d">d. 1595.</subfield></datafield><datafield tag="245" ind1="1" ind2="0"><subfield code="6">880-03</subfield><subfield code="a">Haza Divan-ı Vahhab-i Ümmî,</subfield><subfield code="f">[late 18th century?].</subfield></datafield><datafield tag="246" ind1="3" ind2=" "><subfield code="a">Divan-ı Vehhab-i Ümmî</subfield></datafield><datafield tag="246" ind1="3" ind2=" "><subfield code="a">Divan-ı Vahib-i Ümmî</subfield></datafield><datafield tag="246" ind1="3" ind2="0"><subfield code="a">Divan-ı Vahhab-ı Ümmî</subfield></datafield><datafield tag="246" ind1="3" ind2=" "><subfield code="i">Title from inscription adjacent to heading at opening on p.2:</subfield><subfield code="a">ديوان وهاب امى</subfield></datafield><datafield tag="246" ind1="3" ind2=" "><subfield code="i">Edge title (tail):</subfield><subfield code="a">ديوان واهبى امى</subfield></datafield><datafield tag="260" ind1=" " ind2=" "><subfield code="c">[1770-1793?].</subfield></datafield><datafield tag="300" ind1=" " ind2=" "><subfield code="a">172 leaves :</subfield><subfield code="b">paper ;</subfield><subfield code="c">227 x 165 (165 x 99) mm.</subfield></datafield><datafield tag="500" ind1=" " ind2=" "><subfield code="a">Shelfmark: Ann Arbor, University of Michigan, Special Collections Library, Isl. Ms. 859</subfield></datafield><datafield tag="500" ind1=" " ind2=" "><subfield code="a">Origin: According to 'colophon' on p.344 (in a different hand that the bulk of the text), copied by Muḥammad Ḥusnī (Mehmet Husni). Date of transcription not specified ; paper, etc. would suggest late 18th century and waqf statement on 'title page' (p.1) provides a terminus ante quem of 1793.</subfield></datafield><datafield tag="500" ind1=" " ind2=" "><subfield code="a">Accompanying materials: a. Slip with notes in hand of Eleazar Birnbaum, "Author: VĀHIB-i UMMĪ, also called VĀHIBĪ | Title: [? DĪVĀN] | Religious poetical works in Ottoman Turkish. The author is not well-known. His name is wrongly written VAHHĀB-i UMMĪ in a later hand on fly leaf. A waqf note dated 1107 AH (1696 AD) on fly leaf. The writing seems 16th-17th cent. E Birnbaum June 1964" -- b. Slip with description (in hand of E. Husselman ?) "Wahhab i Ummi. Dīvān. Turkish MS. BMC. Turk. MSS. has Dīvān of Vāhibī in a MS. of mixed contents, &amp; it may be the same person ; very uncertain. | n. f. anywhere"</subfield></datafield><datafield tag="500" ind1=" " ind2=" "><subfield code="a">Former shelfmark: Mich. Isl. Ms. temp. no. 8</subfield></datafield><datafield tag="500" ind1=" " ind2=" "><subfield code="a">Binding: Pasteboards covered in dark red leather ; Type II binding (with flap) ; upper board lining now in recycled paper (printed "waste") ; upper and lower covers carry blind-stamped mandorla (filled with vegetal composition, now difficult to make out, with onlays gone to green where still present), pendant and cornerpieces, as well as tooled border in a series of s-shaped stamps ; sewn in pink thread, two stations ; overall in poor condition with losses of onlays, abrasion, some staining, lifting and losses of leather, etc. ; repair to spine in black cloth / textile (rebacked) ; housed in box for protection.</subfield></datafield><datafield tag="500" ind1=" " ind2=" "><subfield code="a">Support: European laid paper with roughly 12 laid lines per cm. (vertical), chain lines spaced 20-21 mm. apart (horizontal), and watermark of lion rampant guardant (see p.12, 14, 24, etc.) and "G V" ["V G"] countermark (see p.15, 26, 32, etc., likely Valentino Galvani, see pp.88-89 in Walz, "The paper trade of Egypt and the Sudan" and compare Eineder nos.986, 987, etc. though here with different lion motif), thin though sturdy, cream in color, well-burnished.</subfield></datafield><datafield tag="500" ind1=" " ind2=" "><subfield code="a">Decoration: Written area (and divisions within) surrounded by double rule-border in red.</subfield></datafield><datafield tag="500" ind1=" " ind2=" "><subfield code="a">Script: Naskh ; clear Turkish hand in a bold line ; partially but irregularly seriffed with right-sloping head-serifs on occasional lām, even free-standing alif, effect of tilt to the left, curvilinear descenders, open and closed counters, pointing (for two and three dots) in strokes rather than distinct dots ; fully vocalized.</subfield></datafield><datafield tag="500" ind1=" " ind2=" "><subfield code="a">Layout: Written in 15 lines per page, written area mainly divided to two columns ; frame-ruled.</subfield></datafield><datafield tag="500" ind1=" " ind2=" "><subfield code="a">Collation: 16 V(160), VI (172), i (pasted to lower board lining) ; quinions followed by a senion ; catchwords present ; foliation in black ink, Hindu-Arabic numerals ; pagination in pencil, Western numerals, every other page, with pagination of remaining pages supplied much later during digitization (due to misplacement of bifolia when codex was paginated, skips from p.62 to 83 with leaves paginated 63-82 are now properly found between p.342-343).</subfield></datafield><datafield tag="500" ind1=" " ind2=" "><subfield code="a">Colophon: "Scribal," triangular, reads "كتبه الفقير الحقير محمد حسنى غفر الله له ولوالديه ولجميع المؤمنين والمؤمنات برحمتك يا ارحم الراحمين"</subfield></datafield><datafield tag="500" ind1=" " ind2=" "><subfield code="a">Explicit: "واهب امى يو قلغنك وارلغندن سويلر سكا توحيد بكا شاهديز كشف اللهدن كلورز بيز"</subfield></datafield><datafield tag="500" ind1=" " ind2=" "><subfield code="a">Incipit: "كوزك اوج جانله دكله منزه پادشاهم بن ..."</subfield></datafield><datafield tag="500" ind1=" " ind2=" "><subfield code="a">Title from inscription accompanying waqf statement on 'title page' (p.1).</subfield></datafield><datafield tag="500" ind1=" " ind2=" "><subfield code="a">Ms. codex.</subfield></datafield><datafield tag="510" ind1="4" ind2=" "><subfield code="a">Eineder, Georg. The ancient paper-mills of the former Austro-Hungarian Empire and their watermarks. Hilversum, Holland: Paper Publications Society, 1960.</subfield></datafield><datafield tag="510" ind1="4" ind2=" "><subfield code="a">Walz, Terence. "The paper trade of Egypt and the Sudan in the eighteenth and nineteenth centuries and its re-export to the Bilad as-Sudan." In The trans-Saharan book trade: manuscript culture, Arabic literacy, and intellectual history in Muslim Africa. Graziano Krätli and Ghislaine Lydon, Eds. (Leiden : Brill, 2011):</subfield><subfield code="c">73-108.</subfield></datafield><datafield tag="520" ind1="8" ind2=" "><subfield code="a">Fine copy of the dīvān of Vahib-i Ümmî (Vahibi, Vahhab-i Ümmî) Abdülvahab (d.1595).</subfield></datafield><datafield tag="538" ind1=" " ind2=" "><subfield code="a">Mode of access: Internet.</subfield></datafield><datafield tag="541" ind1=" " ind2=" "><subfield code="c">Gift ;</subfield><subfield code="a">Acquired from Frank E. Nuttall (1875-1943).</subfield></datafield><datafield tag="546" ind1=" " ind2=" "><subfield code="a">Ottoman Turkish.</subfield></datafield><datafield tag="561" ind1=" " ind2=" "><subfield code="a">Inscription with title and author on 'title page' (p.1) "Wahhāb-i Ummī. Dīvān" ; also on 'title page' (p.1) waqf statement in name of al-Sayyid Ibrāhīm (السيد ابراهيم / Seyit İbrahim) dated 15 Dhū al-Ḥijjah 1207 [ca. 24 July 1793] ; on p.343, dated statement of completion for collation / foliation corresponds to date in waqf statement 1207 [1793] "تمت ۱۲۰۷" ; statement at close in name of Derviş Şeyh İbrahim Dede ( درويش شيخ ابراهيم دده ) ; fairly clean copy.</subfield></datafield><datafield tag="650" ind1=" " ind2="0"><subfield code="a">Manuscripts, Turkish</subfield><subfield code="z">Michigan</subfield><subfield code="z">Ann Arbor.</subfield></datafield><datafield tag="650" ind1=" " ind2="0"><subfield code="a">Sufi poetry, Turkish</subfield><subfield code="v">Early works to 1800.</subfield></datafield><datafield tag="650" ind1=" " ind2="0"><subfield code="a">Turkish poetry</subfield><subfield code="y">16th century.</subfield></datafield><datafield tag="700" ind1="1" ind2=" "><subfield code="a">Nuttall, Frank E.,</subfield><subfield code="d">1875-1943,</subfield><subfield code="e">former owner.</subfield></datafield><datafield tag="773" ind1="0" ind2=" "><subfield code="a">F. E. Nuttall Collection.</subfield></datafield><datafield tag="880" ind1="1" ind2="0"><subfield code="6">245-03/</subfield><subfield code="a">هذا ديوان وهاب امى,</subfield><subfield code="f">[اواخر القرن 18م؟].</subfield></datafield><datafield tag="880" ind1="0" ind2=" "><subfield code="6">100-01/</subfield><subfield code="a">وهاب امى عبد الوهاب.</subfield></datafield><datafield tag="CID" ind1=" " ind2=" "><subfield code="a">006833759</subfield></datafield><datafield tag="DAT" ind1="0" ind2=" "><subfield code="a">20190719102641.0</subfield><subfield code="b">20190719000000.0</subfield></datafield><datafield tag="DAT" ind1="1" ind2=" "><subfield code="a">20190719090653.0</subfield><subfield code="b">2019-07-19T16:12:26Z</subfield></datafield><datafield tag="DAT" ind1="2" ind2=" "><subfield code="a">2015-10-02T18:00:03Z</subfield></datafield><datafield tag="CAT" ind1=" " ind2=" "><subfield code="a">SDR-MIU</subfield><subfield code="d">EX LIBRIS - ALEPH</subfield><subfield code="l">prepare.pl-004-008</subfield></datafield><datafield tag="FMT" ind1=" " ind2=" "><subfield code="a">BK</subfield></datafield><datafield tag="HOL" ind1=" " ind2=" "><subfield code="0">sdr-miu006833759</subfield><subfield code="a">MiU</subfield><subfield code="b">SDR</subfield><subfield code="c">MIU</subfield><subfield code="p">mdp.39015079131713</subfield><subfield code="s">MIU</subfield><subfield code="1">006833759</subfield></datafield><datafield tag="974" ind1=" " ind2=" "><subfield code="b">MIU</subfield><subfield code="c">MIU</subfield><subfield code="d">20190719</subfield><subfield code="s">lit-dlps-dc</subfield><subfield code="u">mdp.39015079131713</subfield><subfield code="y">1793</subfield><subfield code="r">pd</subfield><subfield code="q">bib</subfield><subfield code="t">non-US bib date2 &lt; 1879</subfield></datafield></record></collection>